% image sentiments
%0
@inproceedings{borth2013large,
  title={Large-scale visual sentiment ontology and detectors using adjective noun pairs},
  author={Borth, Damian and Ji, Rongrong and Chen, Tao and Breuel, Thomas and Chang, Shih-Fu},
  booktitle={Proceedings of the 21st ACM international conference on Multimedia},
  pages={223--232},
  year={2013},
  organization={ACM}
}

%1
@inproceedings{you2015robust,
  title={Robust Image Sentiment Analysis Using Progressively Trained and Domain Transferred Deep Networks.},
  author={You, Quanzeng and Luo, Jiebo and Jin, Hailin and Yang, Jianchao},
  booktitle={AAAI},
  pages={381--388},
  year={2015}
}

%2
@inproceedings{yuan2013sentribute,
  title={Sentribute: image sentiment analysis from a mid-level perspective},
  author={Yuan, Jianbo and Mcdonough, Sean and You, Quanzeng and Luo, Jiebo},
  booktitle={Proceedings of the Second International Workshop on Issues of Sentiment Discovery and Opinion Mining},
  pages={10},
  year={2013},
  organization={ACM}
}

%3
@inproceedings{wang2015unsupervised,
  title={Unsupervised Sentiment Analysis for Social Media Images.},
  author={Wang, Yilin and Wang, Suhang and Tang, Jiliang and Liu, Huan and Li, Baoxin},
  booktitle={IJCAI},
  pages={2378--2379},
  year={2015}
}

%4
@inproceedings{jou2015visual,
  title={Visual affect around the world: A large-scale multilingual visual sentiment ontology},
  author={Jou, Brendan and Chen, Tao and Pappas, Nikolaos and Redi, Miriam and Topkara, Mercan and Chang, Shih-Fu},
  booktitle={Proceedings of the 23rd ACM international conference on Multimedia},
  pages={159--168},
  year={2015},
  organization={ACM}
}

%5
@article{chen2014deepsentibank,
  title={Deepsentibank: Visual sentiment concept classification with deep convolutional neural networks},
  author={Chen, Tao and Borth, Damian and Darrell, Trevor and Chang, Shih-Fu},
  journal={arXiv preprint arXiv:1410.8586},
  year={2014}
}

%6
@inproceedings{ahsan2017towards,
  title={Towards using visual attributes to infer image sentiment of social events},
  author={Ahsan, Unaiza and De Choudhury, Munmun and Essa, Irfan},
  booktitle={Neural Networks (IJCNN), 2017 International Joint Conference on},
  pages={1372--1379},
  year={2017},
  organization={IEEE}
}

%7
@article{campos2017pixels,
  title={From pixels to sentiment: Fine-tuning cnns for visual sentiment prediction},
  author={Campos, Victor and Jou, Brendan and Giro-i-Nieto, Xavier},
  journal={Image and Vision Computing},
  year={2017},
  publisher={Elsevier}
}

%survey
@article{soleymani2017survey,
  title={A survey of multimodal sentiment analysis},
  author={Soleymani, Mohammad and Garcia, David and Jou, Brendan and Schuller, Bj{\"o}rn and Chang, Shih-Fu and Pantic, Maja},
  journal={Image and Vision Computing},
  volume={65},
  pages={3--14},
  year={2017},
  publisher={Elsevier}
}

%cnn
@inproceedings{krizhevsky2012imagenet,
  title={Imagenet classification with deep convolutional neural networks},
  author={Krizhevsky, Alex and Sutskever, Ilya and Hinton, Geoffrey E},
  booktitle={Advances in neural information processing systems},
  pages={1097--1105},
  year={2012}
}

@inproceedings{szegedy2015going,
  title={Going deeper with convolutions},
  author={Szegedy, Christian and Liu, Wei and Jia, Yangqing and Sermanet, Pierre and Reed, Scott and Anguelov, Dragomir and Erhan, Dumitru and Vanhoucke, Vincent and Rabinovich, Andrew},
  booktitle={Proceedings of the IEEE conference on computer vision and pattern recognition},
  pages={1--9},
  year={2015}
}

@article{simonyan2014very,
  title={Very deep convolutional networks for large-scale image recognition},
  author={Simonyan, Karen and Zisserman, Andrew},
  journal={arXiv preprint arXiv:1409.1556},
  year={2014}
}

@inproceedings{he2016deep,
  title={Deep residual learning for image recognition},
  author={He, Kaiming and Zhang, Xiangyu and Ren, Shaoqing and Sun, Jian},
  booktitle={Proceedings of the IEEE conference on computer vision and pattern recognition},
  pages={770--778},
  year={2016}
}

% application
@inproceedings{asur2010predicting,
  title={Predicting the future with social media},
  author={Asur, Sitaram and Huberman, Bernardo A},
  booktitle={Web Intelligence and Intelligent Agent Technology (WI-IAT), 2010 IEEE/WIC/ACM International Conference on},
  volume={1},
  pages={492--499},
  year={2010},
  organization={IEEE}
}

@article{o2010tweets,
  title={From tweets to polls: Linking text sentiment to public opinion time series.},
  author={O'Connor, Brendan and Balasubramanyan, Ramnath and Routledge, Bryan R and Smith, Noah A},
  journal={ICWSM},
  volume={11},
  number={122-129},
  pages={1--2},
  year={2010}
}

@inproceedings{vinyals2015show,
  title={Show and tell: A neural image caption generator},
  author={Vinyals, Oriol and Toshev, Alexander and Bengio, Samy and Erhan, Dumitru},
  booktitle={Proceedings of the IEEE conference on computer vision and pattern recognition},
  pages={3156--3164},
  year={2015}
}